3544 4322
381 69 469 145 state
495 51 695 169 quidquid,
711 48 906 152 secandam
932 41 1130 129 naturales
1154 43 1477 160 determinativum
1502 41 1558 121 ad
1574 43 1710 152 perse.
1761 75 1762 86 κ

380 154 699 260 aioremstatem.
731 157 797 244 vi,
820 178 894 257 qua
902 151 1030 258 podet,
1053 149 1254 245 intrinseca
1271 148 1437 224 aititur:
1461 139 1568 230 allud,
1583 143 1717 244 fimat

374 263 495 363 stane,
520 268 635 362 at‘que
655 255 901 354 repereram,
930 277 1002 328 noa
1025 250 1102 328 erit
1115 244 1315 344 secundam
1339 241 1710 356 easdemuperfidiio·

320 395 325 398 ·
386 385 450 441 nes
477 354 671 459 infirmius.
729 353 848 456 Atqui
865 351 997 428 anima
1028 343 1172 444 nostra,
1198 341 1398 442 sitandam
1420 343 1709 433 determinatio·

387 486 451 538 nes
466 453 683 536 naturales,
715 451 770 526 ad
786 453 914 528 vitam
928 445 1117 542 alteram,
1137 443 1486 550 ceupeqeeeriorm,
1502 445 1548 519 vi
1561 445 1723 545 intrim.

378 560 468 664 seca
483 553 697 630 connititur.
747 552 788 624 ld
811 553 914 652 quod
929 547 983 626 iui
997 548 1270 636 confirmatum,
1279 551 1317 641 ff.
1332 569 1391 637 ²9·
1406 565 1464 636 30.
1517 547 1613 649 Ergo
1623 547 1713 622 ani·

330 736 337 748 s
387 682 451 737 ma
468 705 480 740 ,
489 646 690 750 fecundata
701 647 916 725 naturalem
939 640 1217 750 pe'rfediioaem,
1239 669 1278 722 v.
1300 665 1338 741 g.
1361 637 1620 736 eonstieatiam
1634 641 1710 738 siai,

312 740 314 750 Δ
388 757 540 836 minime
553 745 766 832 deterioris,
787 771 898 852 quam
919 771 1017 823 nanc
1034 740 1098 843 est,
1119 742 1335 826 conditionis
1346 737 1492 843 fieeeit.
1550 743 1709 844 Loquor
1745 785 1748 792 ·

389 853 567 931 destinato
587 846 759 931 confido,
781 853 828 924 de
839 841 1126 951 perfidionibas
1139 831 1398 920 naturalibus:
1423 864 1468 916 ne
1481 838 1706 918 mihimora·

301 1029 307 1037 .
389 953 441 1031 les
458 947 610 1029 obiicias
629 1001 642 1040 ,
663 945 934 1046 perfectionum
948 943 1176 1022 incrementa
1198 940 1403 1060 generatim
1428 937 1528 1016 ior'te
1550 940 1710 1038 adpella-

260 1095 266 1104 .
313 1109 317 1116 -
393 1075 497 1130 tuto.
548 1046 660 1130 Scio,
687 1045 855 1122 animam
864 1039 1159 1148 poffefieaadam
1175 1057 1365 1146 pertatem,
1380 1033 1427 1126 ώ·
1441 1037 1707 1132 eruditionem,

388 1143 608 1243 decrescere,
632 1163 696 1256 per
712 1145 935 1248 ignauiam,
960 1139 1086 1242 &stra
1107 1135 1339 1246 eystarcalpa.
1397 1141 1467 1256 Sed
1482 1137 1545 1216 hic
1567 1139 1705 1216 voluu-

259 1317 264 1324 ,
387 1269 445 1326 tas
461 1246 602 1323 animae
619 1243 834 1340 interpellat.
885 1243 993 1341 Qae
1010 1262 1134 1318 autem
1152 1241 1249 1316 dona
1265 1239 1446 1315 eiusmodi
1468 1237 1571 1321 sunt,
1588 1241 1707 1317 vtho·

388 1346 529 1425 minum
548 1340 706 1440 prauitas
720 1341 974 1441 interstrepete
986 1337 1078 1417 nihil
1095 1336 1297 1442 quidquam
1312 1336 1440 1437 possit:
1467 1339 1616 1429 eadem,
1638 1361 1706 1414 ceu

355 1483 359 1488 ·
388 1441 607 1531 naturalia,
634 1443 770 1540 semper
785 1441 1005 1540 prooestum
1022 1437 1091 1522 iti,
1111 1464 1131 1514 a
1147 1461 1277 1514 natura
1293 1435 1461 1514 omnium
1482 1459 1628 1539 retum,
1646 1436 1704 1514 sub
1741 1537 1745 1546 ἢ

366 1543 513 1631 uto,
531 1535 731 1645 genitrice,
756 1563 845 1620 mox
861 1539 924 1617 suo
940 1539 1029 1618 loco
1047 1534 1200 1629 ulterius
1218 1535 1418 1616 ostendam.
1467 1580 1471 1588 ·
1543 1551 1551 1564 ¹

143 1889 145 1893 ·
214 1835 293 1943 atiud
304 1871 383 1939 argu·
517 1853 658 1930 Rerum
673 1845 861 1936 omnium,
868 1843 962 1948 fiais
975 1845 1156 1928 ultimus,
1175 1844 1348 1948 idemque
1359 1865 1554 1932 externas,
1569 1850 1704 1952 estgio-

144 2016 146 2024 .
215 1957 337 2010 mmm
398 1951 451 2030 tia
471 1951 563 2028 DEI.
619 1952 676 2031 De
697 1973 768 2049 qua
786 1947 966 2030 veritate,
994 1945 1201 2022 indubitata
1229 1944 1423 2031 nimirum,
1453 1946 1524 2022 iarn
1553 1973 1633 2025 non
1653 1953 1704 2028 io·

191 2039 507 2157 '2¹⁸⁶Pmm‘quor.
557 2051 629 2125 Sed
644 2043 868 2142 rerumfiais
888 2045 1084 2140 internas.
1110 2069 1218 2144 quern
1241 2047 1300 2122 iua
1327 2040 1600 2145 consequuntur
1621 2049 1704 2144 ipsa·

101 2162 107 2174 ’
269 2177 272 2188 ’
353 2157 476 2229 'rum
492 2146 549 2232 vi,
572 2146 703 2244 duplex
719 2143 789 2232 este
812 2145 971 2221 altimus
985 2145 1095 2233 alius,
1117 2139 1207 2220 alius
1224 2143 1476 2222 intermedius.
1527 2147 1704 2224 llletota-

391 2239 459 2334 lii,
484 2248 545 2323 hic
556 2239 749 2342 partialis.
792 2239 1228 2342 Reramfinirinteraas.
1254 2241 1702 2342 idemquevltimusestid

338 2341 341 2347 ’
391 2368 526 2426 omne,
557 2345 601 2417 ad
623 2337 809 2440 quidquid
827 2341 982 2441 fingulae
999 2364 1075 2432 res,
1095 2340 1132 2416 in
1152 2341 1261 2418 totali
1286 2341 1452 2418 omnium
1477 2345 1629 2422 suorum
1645 2349 1703 2423 iia·

146 2439 153 2442 ’
261 2521 263 2527 ,
392 2467 523 2527 tuum,
550 2459 744 2541 quousque
759 2438 947 2530 exsrstunt,
969 2438 1225 2518 connituntur.
1255 2442 1334 2517 ·Sic
1350 2440 1431 2518 finis
1453 2444 1598 2540 arboris
1625 2445 1703 2522 vlri-

240 2574 268 2628 ,ν
392 2565 475 2620 mus
492 2596 504 2632 ,
526 2541 590 2616 sed
605 2536 796 2621 internus,
820 2537 888 2622 est,
902 2559 962 2624 vt,
980 2537 1151 2638 quamdiu
1172 2539 1320 2625 existit,
1334 2543 1371 2618 δι
1389 2533 1482 2618 nihil
1507 2543 1704 2644 quidquam

9 2691 10 2700 κ
99 2693 113 2728 ·.
263 2697 283 2719 „
391 2637 561 2740 operanti
575 2636 711 2728 obstat,
738 2639 800 2712 suo
827 2637 923 2722 nisu,
957 2638 1015 2714 sua
1031 2637 1069 2715 vi
1096 2637 1259 2740 plastica,
1285 2645 1413 2718 tendat
1432 2646 1476 2718 ad
1497 2639 1704 2722 fruetusfe

389 2743 539 2818 nendos.
585 2736 695 2814 'Finis
722 2755 845 2811 autem
867 2738 1041 2814 internus
1059 2737 1306 2814 intermedius
1328 2736 1404 2835 ed,
1433 2765 1544 2839 quem
1570 2768 1653 2821 non
1672 2743 1703 2818 in

267 2845 274 2861 ‘
390 2837 510 2928 omni,
538 2839 595 2912 sed
611 2834 735 2933 aliquo
753 2855 896 2911 tantum
910 2835 1072 2912 statores
1087 2838 1389 2936 consequitutt'v.
1399 2845 1435 2940 g‘.
1452 2861 1496 2932 vt
1513 2841 1584 2917 hac
1602 2843 1703 2919 aesta-

390 2936 429 3014 te
444 2935 584 3012 studius
602 2932 705 3008 ferat.
754 2934 806 3007 Ex
822 2931 879 3009 his
893 2932 1187 3017 definitionibus,
1210 2937 1348 3032 nemini
1364 2964 1447 3015 cum
1460 2941 1598 3016 idonea
1614 2937 1703 3017 caui·

388 3035 423 3115 sa
441 3030 669 3128 damnandis,
706 3051 827 3132 patet:
850 3030 940 3118 fiaes
972 3032 1209 3112 intermedias
1231 3037 1399 3143 quidem,
1423 3035 1470 3123 ό·
1491 3039 1703 3212 gartiales.

385 3129 482 3210 alios
499 3132 589 3229 aliis
600 3128 805 3226 sieccedere.
857 3132 894 3208 Si
908 3157 1002 3232 quae
1022 3135 1160 3225 arbor,
1191 3139 1262 3218 hac
1284 3139 1416 3212 aestate
1430 3135 1488 3210 fru
1530 3162 1574 3214 us
1601 3139 1703 3216 tulit't

389 3236 587 3310 accedente
602 3249 772 3328 tempore
797 3229 979 3315 hiberno,
1007 3231 1175 3333 operatio
1193 3236 1297 3326 eius,
1326 3235 1409 3312 auu
1433 3237 1615 3330 secundo,
1636 3261 1703 3316 non

387 3331 536 3431 primo,
561 3327 664 3406 uelut
675 3327 915 3419 suspenditur,
934 3331 971 3408 dt
985 3329 1057 3432 ipsa
1074 3334 1172 3434 quast
1186 3333 1337 3411 dormit.
1388 3335 1615 3433 Frntsrgttur
1630 3363 1702 3437 par·

387 3428 553 3506 titularis
571 3425 689 3512 cessat,
714 3430 750 3502 δι
764 3427 900 3511 medio,
919 3431 964 3506 ad
974 3456 1114 3508 nouum
1129 3433 1240 3510 finem
1259 3433 1537 3530 particularem,
1556 3429 1702 3536 praepa·

387 3548 535 3612 ratuto,
560 3528 684 3604 locum
701 3524 813 3605 cedit.
866 3530 980 3606 Nouo
997 3529 1289 3631 fineparticuiari
1299 3531 1518 3634 impetrato:
1545 3535 1703 3632 particu-

323 3675 325 3683 ,
386 3625 475 3708 latia
492 3625 613 3710 media
631 3625 669 3706 dt
686 3623 800 3716 fines,
828 3625 868 3710 in
885 3631 1096 3732 eademre.
1121 3655 1184 3736 pet
1205 3629 1326 3721 uices,
1353 3630 1633 3750 continuantur.

1351 3915 1358 3924 ,
1459 3947 1464 3952 .
1586 3843 1703 3934 aar·
