3544 4322
103 87 107 96 ,
215 33 553 154 danaprin-timp&
575 31 813 150 conseruare,
840 30 1084 147 &fatescere⁸
1110 19 1121 42 κ’
1139 30 1244 136 Qin
1273 29 1566 110 idcm‘adiertum
1592 29 1667 110 ibo
1700 55 1730 106 a

216 162 268 226 ‘⁸
392 130 1566 328 illinitiillinitPlint‘ttllltllltll
1580 133 1727 315 ’llll

395 339 471 410 hoc
487 331 655 409 ultimum
674 327 780 404 dicas.
829 328 866 402 si
883 351 975 431 quae
989 327 1087 406 enim
1105 329 1295 408 substantia
1310 327 1429 404 isthoc
1449 349 1601 412 conatu,
1613 329 1720 406 suam

396 428 667 509 demonstrandi
690 426 947 508 existentiam,
973 447 1144 504 careret-t
1178 449 1255 503 tum
1280 427 1399 526 primo
1417 425 1568 523 perinde
1585 451 1631 502 ea
1650 430 1715 502 ha·

397 525 521 610 bebit,
544 527 627 602 acfi
653 550 729 602 non
752 545 872 602 creata
888 525 985 602 silet.
1036 523 1229 626 Qridquid
1251 525 1348 602 enirn
1370 546 1534 600 creatum
1554 526 1629 608 est,
1655 523 1720 610 id,

399 650 469 704 ceu
485 625 646 718 exsistens
662 625 695 699 se
709 645 751 700 vt
768 625 1013 714 demonstret,
1041 647 1205 701 creatum
1223 627 1285 700 est.
1340 625 1525 714 Secundo,
1546 625 1568 698 fi
1589 647 1639 700 eo
1654 647 1720 700 co·

351 775 359 786 ,
399 746 489 802 natu
509 722 697 800 substantia
712 743 848 798 carere
877 745 991 798 tuma
1015 721 1113 799 nulla
1137 748 1177 797 re
1202 741 1324 799 creata
1354 719 1502 818 poterit
1522 722 1718 824 cognosci.

399 825 666 924 Quodcunque
681 819 777 894 enim
791 821 955 896 exsistens
973 821 1245 920 cognoscimus,
1272 845 1335 920 per
1353 819 1505 897 effedus
1523 819 1719 922 cognosci·

401 944 497 998 mus.
551 921 697 1016 Corpus
716 939 762 992 ex
775 919 987 1034 resistentia,
1006 918 1211 1002 soliditate,
1235 921 1313 1009 scu,
1336 920 1436 1022 quod
1453 920 1552 994 idem
1569 921 1647 1002 est,
1665 924 1719 994 re-

403 1019 582 1110 aiilone3
617 1016 778 1114 spiritum
801 1039 849 1090 ex
870 1017 1100 1122 cogitatione
1117 1017 1383 1116 cognoscimus.
1438 1018 1547 1118 Quae
1557 1016 1718 1106 omnia,

263 1159 267 1169 ·
303 1167 305 1174 κ
370 1115 373 1126 ’
401 1119 427 1194 ss
451 1116 567 1193 isthoc
593 1136 727 1194 conatu
750 1113 939 1192 substantia
961 1119 1146 1198 nudatur,
1172 1121 1340 1192 aberunt.
1393 1115 1440 1188 Et
1468 1140 1651 1194 ovetum
1672 1117 1718 1191 eit

402 1212 530 1328 prius.f
569 1211 708 1290 Omnis
722 1212 915 1289 substantia
938 1235 1085 1290 exercet
1110 1211 1245 1310 nisum,
1274 1215 1370 1293 suam
1396 1141 1659 1305 existentiam,
1682 1215 1720 1290 in

406 1312 466 1390 lua
491 1335 658 1413 quaeque
684 1311 812 1394 claffe,
838 1313 1015 1388 reddendi
1039 1313 1217 1391 testatam.
1281 1313 1446 1389 Conatus
1477 1312 1720 1389 existentiam

315 1453 318 1462 ·
407 1414 504 1487 luam
521 1413 685 1490 rellatum
704 1414 880 1487 reddendi
898 1411 947 1486 est
964 1410 1036 1488 vis.
1088 1414 1183 1512 Ergo
1199 1412 1236 1487 in
1253 1435 1399 1487 omnem
1414 1411 1649 1488 substantiam
1666 1411 1720 1487 vis

409 1509 530 1600 cadit,
556 1509 718 1602 diuersa,
748 1533 814 1606 pro
830 1507 949 1599 varia,
975 1507 1036 1585 cui
1052 1531 1332 1594 annumeratur,
1355 1508 1471 1587 classe.
1522 1511 1641 1586 Nulla
1657 1507 1719 1610 igi·

244 1649 257 1660 ν
409 1630 475 1684 tur
489 1607 678 1682 substantia
696 1607 810 1705 potest
824 1605 891 1685 elle
908 1609 976 1681 line'
990 1606 1045 1694 vi,
1065 1609 1145 1683 suae
1160 1607 1288 1704 speciei
1306 1608 1463 1707 propria.
1511 1609 1638 1708 Atqui
1649 1605 1720 1683 ani-

384 1799 388 1803 ·
409 1731 508 1783 mam
529 1705 756 1782 substantiam
782 1705 848 1782 eisc
865 1704 1072 1802 experimur
1091 1757 1102 1788 ,
1124 1704 1220 1781 clalit
1240 1731 1387 1788 earum,
1414 1708 1718 1808 quaecogitant,

411 1799 635 1899 adscriptam.
693 1800 796 1917 'Ergo
823 1825 1013 1901 quousque
1031 1803 1112 1878 talis
1131 1803 1291 1886 existit,
1316 1807 1409 1880 hanc
1431 1803 1504 1882 vim
1526 1802 1718 1904 cogitandi

412 1897 589 1977 tuebitur.
640 1901 779 1976 Exsistrt
796 1921 944 1982 autem,
970 1903 1019 1973 ob
1038 1898 1322 1999 implicitam,
1336 1927 1449 2002 quam
1460 1903 1630 2000 probaui,
1648 1901 1717 2006 poll
1732 1957 1738 1972 .,

413 2005 605 2102 mortem,
637 1999 735 2100 Ergo
756 2021 824 2075 nec
838 1997 898 2075 sua
912 1996 1128 2078 destituetur
1146 1999 1335 2103 cogitandi
1348 1999 1398 2078 vi.
1414 1999 1479 2097 (i)

1474 2169 1477 2174 ·
1557 2229 1561 2232 ,
1607 2147 1718 2225 §.190

1103 2252 1718 2280 ffl—-nnm-——ae

342 2337 349 2350 κ
432 2353 433 2356 ,
465 2299 530 2389 (i)
556 2297 621 2370 Per
632 2302 700 2369 vim
715 2303 832 2397 agendi
850 2299 906 2372 hic
920 2299 1086 2398 intelligo,
1102 2311 1200 2404 quod
1215 2311 1351 2386 studiose
1367 2311 1561 2391 tenendum,
1579 2292 1716 2408 aliquid,

417 2397 596 2492 quodinter
607 2393 790 2469 facultatem
805 2401 924 2495 agendi
939 2401 1080 2485 nudam,
1097 2407 1272 2504 quaenihil
1287 2411 1354 2490 eil,
1368 2407 1426 2480 nifi
1439 2412 1574 2483 adilonis
1590 2406 1718 2507 poffibi·

418 2494 508 2574 litas,
527 2500 563 2568 δι
575 2495 658 2590 inter
670 2500 862 2569 exercitium
876 2500 1032 2578 aetionis,
1047 2500 1226 2581 interiacet.
1278 2507 1358 2582 Plus
1374 2511 1418 2580 cll
1426 2511 1492 2589 vis,
1507 2531 1611 2606 quam
1624 2507 1718 2582 facul·

297 2622 302 2626 ·
419 2611 483 2664 tas:
508 2596 615 2664 minus
629 2617 723 2674 vero,
745 2592 889 2694 respectu
901 2601 940 2668 ad
953 2618 1082 2672 externa
1098 2602 1218 2687 habito,
1234 2629 1335 2702 quam
1351 2605 1507 2681 facultatis
1520 2612 1721 2687 exercitium·

418 2694 566 2764 Grauitas
586 2689 719 2763 alicuius
739 2693 891 2793 plumbi,
914 2715 1012 2770 manu
1032 2697 1195 2800 suspensa,
1218 2705 1401 2804 exemplum
1422 2708 1497 2779 cllo.
1547 2705 1722 2780 Plumbnm

354 2867 357 2873 ,
403 2791 527 2879 enim,
552 2788 596 2863 ob
616 2795 825 2890 grauitatem
844 2804 911 2870 no'n
925 2793 1025 2871 solum
1042 2803 1077 2870 in
1092 2823 1210 2874 tetram
1224 2799 1290 2874 labi
1311 2805 1430 2900 potest3
1454 2805 1509 2878 secl
1525 2804 1562 2878 δι
1574 2819 1625 2879 eo
1640 2801 1723 2894 venl-

291 2980 295 2989 .
419 2892 608 2977 renititur,
635 2911 731 2986 atque
751 2895 873 2979 tendit,
900 2902 988 2992 quod
1008 2921 1122 2972 manus
1139 2923 1251 2973 tenens
1274 2909 1448 3000 experitur.
1498 2907 1722 2980 interimatis

416 2991 455 3058 in
468 3006 609 3101 terrant,
623 3011 790 3086 quousque
810 2988 1028 3090 suspenditur,
1054 3023 1119 3096 non
1133 2997 1307 3081 descendit.
1357 3006 1477 3074 Anima
1490 3027 1586 3100 porro
1608 3007 1722 3078 dorni·

420 3089 505 3157 cntis
521 3085 636 3159 trudtti
652 3089 881 3163 documentum
894 3093 970 3166 ello.
1023 3098 1102 3170 Non
1111 3103 1231 3195 cogitat
1246 3101 1403 3181 cruditus,
1429 3126 1468 3175 eo
1484 3103 1577 3187 statu,
1598 3105 1723 3201 dequa·

356 3257 360 3266 A
419 3207 520 3280 quam
537 3209 584 3257 re.
634 3187 696 3258 Sctl
713 3207 820 3260 tamen
842 3189 911 3285 plus
931 3193 975 3263 cll
989 3197 1023 3264 in
1036 3194 1091 3266 illa
1105 3199 1295 3270 dormientis
1310 3204 1434 3281 anima,
1453 3224 1554 3296 quam
1568 3205 1604 3271 in
1621 3209 1723 3277 cttito⁴

368 3372 373 3388 ,
422 3299 523 3377 quam
538 3281 678 3356 illiterati
688 3307 808 3361 mente.
858 3289 938 3362 Sunt
951 3289 1022 3363 sane
1038 3292 1162 3368 ibidem
1178 3294 1287 3378 fortes,
1309 3300 1351 3370 ad
1361 3299 1546 3372 meditanda
1559 3298 1723 3389 litteraria,

384 3398 389 3406 ·
421 3376 668 3477 propenfionesq
694 3382 841 3474 habitus,
870 3390 1082 3467 dexteritatcs.
1134 3393 1222 3491 Ipsa,
1248 3418 1330 3494 quae
1350 3395 1400 3468 his
1415 3396 1573 3488 omn'ibus
1594 3399 1723 3478 substat.

423 3501 508 3574 quae
528 3476 689 3554 habitibus
703 3488 826 3567 cunctis
842 3483 1000 3568 subiacet,
1023 3493 1206 3588 cogitandi,
1233 3497 1406 3594 adpetendi
1425 3499 1497 3582 vis,
1527 3497 1726 3595 primumtll

272 3633 276 3648 .
425 3572 592 3694 eufillens,
615 3580 705 3676 quotl
717 3587 751 3653 in
763 3589 870 3656 anima
884 3587 961 3675 ests
975 3594 1009 3660 &
1021 3592 1055 3690 in
1068 3616 1134 3690 quo
1149 3591 1201 3666 vel
1215 3593 1299 3675 lolos'
1317 3594 1369 3666 vel
1385 3617 1459 3668 tum
1472 3594 1543 3670 aliis
1561 3603 1673 3686 unito,
1687 3620 1727 3684 ru

407 3696 473 3750 tro
490 3696 689 3751 caeterorum
711 3687 858 3757 omnium
873 3688 1064 3778 inuenitur,
1089 3714 1174 3789 quat
1195 3696 1320 3769 animae
1340 3690 1471 3772 tribuas.
1530 3696 1688 3796 Ellergo
1701 3717 1729 3767 ea

370 3877 373 3883 μ
426 3778 476 3883 sis
490 3771 557 3878 ipsa
573 3771 754 3866 subllmtia,
770 3807 828 3880 ptr
845 3781 910 3859 def.
922 3775 954 3873 p,
962 3808 996 3882 9·
1015 3807 1128 3890 nocg.
1201 3898 1205 3904 ι
