3544 4322
935 0 1205 35 *oo

201 96 209 169 ἶ
299 139 300 144 ¹
319 177 321 182 ,
400 103 541 177 Aondn
563 115 626 194 per
645 89 765 172 otiussr
775 145 789 192 .,
803 93 840 188 dr
854 91 923 169 stne
938 92 1066 193 scopo,
1080 91 1179 170 redit
1195 83 1418 172 iudicabitur
1427 92 1484 168 soi
1498 91 1582 184 iste,
1599 108 1730 170 aeter-

274 233 277 240 ’
333 221 344 240 ‘
405 199 462 275 nis
475 195 617 273 nebulis
633 195 889 277 obscurandus,
912 212 1074 270 anatura
1089 192 1303 293 formatus?
1330 190 1431 276 Vim,
1452 192 1515 290 ire.
1533 192 1656 269 nisum
1676 191 1727 268 lu·
1756 231 1758 284 ς

406 294 531 378 cendi.
556 292 863 375 &calefaciendi
880 317 957 368 non
973 315 1109 368 meram
1124 313 1263 368 tantum
1274 287 1495 394 potentiam,
1510 291 1726 383 admittere,

337 461 338 468 ,
362 444 366 449 ·
402 419 472 473 nec
486 415 619 470 tamen
635 398 839 468 concedere
858 391 957 466 illius
985 386 1202 466 exercitium
1220 413 1382 490 unquam
1401 417 1411 463 r
1435 414 1562 489 annon
1580 393 1665 467 hoc
1680 393 1750 467 est·

400 493 564 572 medium
580 489 796 590 aptissimum
808 488 999 573 adhibere,
1024 489 1161 588 semper
1172 485 1452 580 adhibere,'sed
1463 489 1599 586 semper
1609 489 1725 570 etiam

400 593 511 691 scopo
534 591 808 668 frustrandum?
858 588 960 704 Quid
987 587 1237 670 iudicabitur,
1264 587 1286 662 sr
1314 590 1390 668 hoc
1413 613 1490 664 oon
1514 589 1583 670 est,
1603 589 1743 671 absum,

401 693 524 781 dum?
565 689 636 766 Vis
657 689 706 765 est
729 690 830 765 atius
853 711 1012 787 primus,
1039 687 1110 784 ipsa
1127 682 1182 762 rei
1207 685 1428 771 exsistentia,
1455 688 1492 763 δι
1511 687 1589 785 plus
1613 685 1723 772 dicit,

400 813 511 888 quam
536 789 670 868 nudam
703 785 833 888 agendi
871 786 1097 864 facultatem.
1171 783 1260 862 Vid.
1286 789 1486 862 Weissu
1518 790 1721 886 metaphys.

389 903 533 986 ‘p.123.
585 887 696 969 Vide,
714 910 807 986 quae
826 887 926 982 supra
940 883 1112 976 diximus,
1124 897 1151 971 §.
1168 889 1225 970 18·
1244 904 1325 960 not.
1336 883 1388 978 (i)
1430 877 1605 961 Daturne
1622 887 1720 962 adius

402 988 563 1084 primus,
584 987 770 1061 asecundo
791 981 829 1061 in
847 1003 1038 1060 aeternum
1052 986 1256 1081 separatus?
1280 982 1489 1083 iraprimus
1508 985 1640 1068 definit
1659 985 1720 1060 effe
1740 1019 1744 1030 ·

403 1084 564 1184 primus,
591 1103 700 1182 quern
719 1107 797 1160 non
814 1087 961 1160 tandem
977 1086 1151 1160 sccundus
1165 1083 1314 1182 excipit.
1368 1085 1476 1182 Quae
1493 1082 1620 1160 omnia
1632 1093 1718 1160 'cum

352 1207 361 1222 ⁸
407 1181 647 1259 absurdissima
664 1181 753 1258 [inte
779 1180 868 1258 srsoi
885 1180 1174 1280 incorruptibilis
1192 1182 1257 1274 sit,
1274 1180 1433 1257 nubibus
1454 1183 1642 1280 perpetuis
1656 1181 1718 1258 mi·

404 1279 505 1389 nime
522 1281 720 1380 regendum
740 1279 1072 1382 esic,intelligitur.
1116 1284 1188 1360 Sed
1203 1285 1278 1359 hoc
1290 1278 1478 1358 iamsacile
1495 1281 1539 1360 ad
1560 1279 1716 1360 animam

323 1381 328 1388 ’
399 1379 653 1458 transferetur.
926 1437 963 1450 „
1024 1413 1027 1419 ·

101 1617 106 1622 ·
184 1569 186 1574 ⁴
228 1605 367 1671 mmm,
523 1577 763 1654 Substituatdr
779 1575 979 1678 cogitando
991 1489 1171 1656 iurgium
1188 1577 1272 1658 solis
1283 1577 1423 1656 mima..
1467 1577 1574 1656 Hanc
1593 1577 1715 1658 iocor-¹

39 1689 45 1730 i
230 1707 306 1756 tur.-
401 1677 569 1774 rupribili
589 1679 633 1751 ad
647 1677 885 1776 cogitandum
901 1678 959 1761 vi.
981 1678 1242 1780 introeandem
1260 1677 1411 1780 speciem
1430 1685 1604 1772 mansura,
1614 1705 1710 1770 prae·

317 1793 320 1796 ·
402 1775 515 1850 ditam
545 1774 631 1856 effe,
654 1775 817 1875 pluribus
838 1777 987 1872 suprad.
1007 1798 1062 1866 15.
1081 1779 1153 1878 seq.
1175 1787 1282 1874 §.rm
1303 1777 1374 1880 seq.
1393 1775 1555 1876 probaui.
1611 1779 1712 1854 Haec

297 1970 304 1974 .
400 1871 459 1947 vis
476 1875 611 1972 semper
622 1883 699 1948 no'n
716 1873 829 1950 solum
843 1875 958 1971 potest
972 1872 1155 1975 cogitare,
1182 1875 1358 1978 quianon
1376 1877 1533 1954 estmera
1550 1874 1710 1962 facultas.

253 1999 255 2008 ¹
401 1975 461 2049 sed
484 1973 584 2048 &ad
606 1966 843 2072 cogitandum
864 1973 1013 2065 tendit,
1043 1973 1199 2072 nititur,
1233 2000 1349 2076 prona
1375 1975 1412 2052 δι
1439 1974 1614 2074 procliuis
1637 1975 1709 2068 est:

310 2077 314 2084 ’
399 2089 624 2176 putamusne
647 2094 758 2174 ergo,
788 2073 1057 2149 enmfaeternis
1080 2067 1314 2167 obscurarum
1321 2077 1594 2178 perceptionum
1606 2066 1709 2150 nebu·

397 2169 474 2253 lis,
499 2169 713 2267 sempiterna
729 2169 929 2246 obliuionis
941 2169 996 2246 'sui
1012 2171 1116 2270 ipsius
1130 2172 1301 2274 caligine,
1318 2170 1604 2258 retardandum,
1619 2171 1706 2250 inui-

349 2322 352 2326 -
403 2291 442 2344 ta
455 2267 643 2356 Minerua,
660 2266 748 2362 effe?
798 2270 912 2366 Qod
930 2270 992 2366 qui
1010 2269 1232 2372 concoquit,
1249 2296 1316 2348 nae
1331 2273 1362 2346 is
1380 2272 1706 2372 serreostomaoho.

288 2387 294 2398 “
315 2381 327 2447 g
406 2369 466 2441 sed
483 2386 604 2444 tamen
620 2387 702 2448 ¹non
717 2362 922 2466 digerente.
950 2361 1134 2464 praeditus
1154 2371 1214 2464 sit,
1237 2367 1375 2446 necesse
1393 2373 1454 2452 est.
1512 2378 1644 2471 itaque
1657 2395 1707 2445 ar·

16 2549 22 2556 ,
406 2481 605 2561 gumentor
621 2487 631 2534 a
652 2460 752 2540 nuda
769 2463 1011 2569 visndegnri
1024 2469 1066 2542 in
1081 2487 1226 2544 natura
1238 2465 1360 2571 potest,
1377 2474 1479 2547 caius
1493 2469 1706 2550 exercitium

144 2585 148 2592 ·
226 2567 230 2571 “
274 2601 286 2620 .
330 2578 349 2592 ·‘
405 2579 554 2638 neterno
571 2563 622 2656 im
645 2559 845 2656 edimenro,
864 2581 995 2638 contra
1010 2565 1127 2662 nistrm
1144 2573 1293 2653 omnem,
1306 2566 1565 2676 sttfpendntttr.
1593 2571 1730 2674 Atqui·

352 2715 355 2728 .
404 2661 534 2763 anima
554 2577 680 2756 mollin
701 2659 750 2755 eli
770 2664 833 2740 vis
854 2665 1070 2768 cogitandi,
1095 2664 1409 2773 incorruptibilia,
1433 2673 1543 2746 intra
1559 2673 1708 2748 eandem

395 2753 550 2863 speciem
568 2759 746 2854 mnnfirrn
755 2761 917 2864 semper,
941 2759 1083 2842 durans
1107 2770 1271 2844 aeternis
1287 2764 1360 2870 post
1385 2780 1539 2849 mortem
1553 2771 1704 2876 spatiis.

402 2867 485 2934 Non
503 2861 626 2964 igitur
650 2862 871 2961 exercitium
896 2863 1113 2966 cogitandi,
1135 2867 1164 2940 i.
1182 2891 1212 2941 e.
1233 2865 1299 2960 firi
1323 2870 1380 2956 όν·
1394 2869 1561 2946 aliarum
1588 2895 1707 2948 rerunt

319 3009 330 3066 ‘‚
401 2959 653 3075 concientia,
675 2957 923 3059 impedietur.
950 2961 1076 3042 somno
1104 2959 1265 3068 quodam
1281 2965 1455 3065 immisso,
1480 2965 1706 3070 perferuntur

333 3087 343 3114 -·
399 3071 696 3154 aeternitatem.)

102 3243 137 3260 ,,
228 3213 241 3224 ,
488 3169 493 3174 ’
989 3169 1030 3255 t·
1057 3185 1118 3260 40·
1133 3187 1164 3242 a.
1218 3181 1220 3186 ’

79 3325 82 3329 ,
226 3273 394 3360 ariudarpn
517 3254 768 3358 irrefragabile
778 3257 873 3351 hoc,
896 3257 934 3336 ni
954 3256 1072 3346 fallor.
1090 3266 1344 3364 argumentum
1361 3267 1432 3343 esi.
1472 3269 1604 3348 Liceat
1620 3268 1709 3348 aliud

162 3377 166 3380 ·
207 3445 208 3450 Ἰ
227 3373 371 3455 mentun.
396 3357 538 3433 'addere
550 3383 568 3448 a
591 3359 737 3433 somnus
752 3357 891 3443 omnis,
907 3377 952 3436 vt
972 3385 991 3435 a
1010 3362 1119 3438 nobis
1138 3363 1284 3486 concipi
1302 3369 1429 3460 deber,
1457 3365 1709 3471 philosophice

113 3533 157 3550 Ν.
262 3555 266 3560 ,
403 3453 665 3570 meditantibus
680 3487 704 3538 ²·
716 3453 804 3554 quid
822 3457 1198 3564 est,quaes0‚·quam
1217 3466 1365 3568 vigiliae
1381 3461 1575 3546 medium?
1625 3463 1709 3546 Nou

402 3554 623 3632 immitteret
644 3553 790 3655 quidem
814 3572 944 3634 natura
964 3561 1147 3656 somnum,
1181 3565 1249 3640 nisr'
1264 3564 1402 3643 virium
1429 3566 1708 3668 defatigatarum

285 3699 287 3706 ‹
402 3651 699 3736 recreationem,
733 3651 880 3753 vigiliae
905 3655 1075 3757 deinceps
1107 3661 1259 3742 alacrius
1284 3664 1553 3744 continuandae
1577 3665 1710 3751 cauffo.

399 3737 619 3830 intenderet.
669 3749 798 3830 Testor
812 3778 889 3838 eos,
914 3756 978 3854 q'ui
990 3761 1037 3833 de
1050 3759 1182 3849 rebus,
1194 3782 1238 3842 vt
1253 3789 1315 3866 par
1330 3766 1391 3859 esi,
1405 3765 1620 3844 ratiocinari
1634 3790 1711 3864 pos·

398 3855 491 3934 sunt.
540 3853 618 3932 ,Iam
642 3855 789 3956 planum
808 3852 858 3930 est
874 3854 1111 3966 ratiocinium
1131 3891 1142 3942 a
1180 3862 1319 3958 nudum
1337 3889 1365 3941 n
1382 3885 1526 3964 namra
1547 3859 1712 3980 medius»

1481 3980 1486 3985 ’
1578 3985 1710 4069 curque

1475 3245 1482 3254 κ
