3544 4322
384 57 452 127 ne,
477 31 536 109 vel
549 25 764 132 priuatim,
787 23 848 102 vel
871 23 1061 127 negarine.
1119 20 1319 100 Priuntine
1347 19 1516 99 beneficii
1539 23 1715 129 incapax

269 210 274 216 ,
365 135 452 218 est,
480 131 544 233 qui
563 153 681 226 poena
697 123 837 223 potius,
857 149 967 225 quam
982 120 1328 222 beneficiodignus.
1385 126 1573 226 Negatiue
1595 127 1713 202 bene·
1761 129 1763 224 J

382 233 456 310 ficii
474 225 609 309 dixeris
628 227 856 340 interpretem,
873 221 936 322 qui
953 220 1103 298 alterius
1115 221 1233 321 magis
1244 219 1432 305 beneficii,
1456 247 1564 324 quam
1580 225 1715 310 huius,
1749 259 1763 342 -ἐ

330 377 334 382 -
388 334 433 408 de
451 356 526 434 quo
542 324 682 428 agitur,
700 327 846 422 rndrgus
863 322 1007 400 existir.

1002 443 1104 499 .2.
1370 493 1375 500 .

205 545 356 626 agatnen·
507 522 577 600 Hir
594 520 807 621 praemiffir,
831 433 1091 622 argumeirtori
1118 542 1240 603 nemo,
1262 521 1328 628 qui
1344 516 1569 618 estfiernmus
1587 522 1706 600 emni-

206 633 267 676 ¹¹¹¹¹¹
287 615 374 677 ‘¹¹⁰⁸'
388 651 451 704 um
467 621 717 722 beneficiorum
732 625 773 697 in
788 619 962 712 uniuersi
982 612 1174 704 diribitae,
1201 645 1273 704 nen
1284 638 1342 698 tot
1352 611 1503 698 exhibet
1515 613 1706 720 benficia,

205 715 278 758 ‘'¹¹¹“
386 739 472 832 quot
488 748 546 800 res
557 719 650 817 liunt
661 717 795 824 puffiue
808 739 971 821 capuces.
1019 719 1447 818 Fingamuscontrarium
1469 719 1536 814 effe
1552 743 1699 812 verum,

387 831 564 903 summum
581 822 854 898 benefustorenr
870 819 908 894 in
923 817 1062 894 multos
1079 817 1255 894 beneficia
1273 845 1349 894 non
1364 819 1550 910 conferre,
1567 818 1634 918 qui
1651 839 1703 894 ta·

387 949 472 1001 rnen
487 945 616 998 eorum
633 917 908 1034 indigentissirni
923 919 1025 1007 sunt,
1052 918 1112 1010 &,
1143 916 1277 1034 quibus
1288 939 1331 994 vt
1347 939 1505 1008 annuat,
1534 916 1636 992 nulla
1649 942 1702 993 ra·

387 1020 444 1104 tio
462 1018 615 1099 vniuersr
629 1016 1079 1117 publicaaliundeobstetr
1106 1041 1188 1118 qurs
1202 1017 1311 1116 talem
1329 1017 1608 1106 benefadorem‘
1622 1015 1702 1103 lube

387 1117 701 1208 contaminatum,
730 1119 990 1192 necsummum
1010 1113 1101 1197 esse,
1132 1141 1209 1191 non
1234 1114 1442 1213 peruideatr
1466 1113 1574 1191 Licet
1599 1113 1701 1191 mise·

384 1216 571 1297 ricordiae
587 1216 767 1317 genuinae
781 1215 973 1291 notionem
989 1210 1075 1288 heic
1083 1213 1329 1307 substernere,
1347 1240 1440 1315 quae
1455 1211 1594 1292 Christi
1613 1237 1701 1291 ocu·

385 1319 433 1396 iis
450 1319 657 1401 obuersata,
678 1314 767 1391 &in
785 1311 975 1391 secationi
996 1310 1122 1410 peruia
1139 1314 1202 1390 est.
1253 1324 1288 1390 Is
1307 1311 1356 1406 eli
1382 1311 1602 1408 meyernors,
1623 1312 1702 1415 qui,
1721 1397 1725 1400 ,

386 1441 471 1524 quos
489 1413 634 1520 indigos
647 1416 807 1504 auxilii,
828 1413 990 1490 ulterius
1014 1434 1059 1487 ue
1081 1406 1264 1509 beneficii,
1287 1413 1585 1510 unimuduertit,
1602 1429 1698 1487 natu

384 1510 578 1614 oeceestone,
599 1541 680 1591 eum
693 1514 858 1619 grauius
881 1433 1181 1612 inpeuiirrrentunr
1203 1507 1356 1588 aliunde
1380 1539 1452 1588 non
1463 1501 1695 1594 intercedit,

270 1689 279 1696 ,
385 1617 457 1720 ipsi
484 1631 587 1712 opere
609 1632 768 1691 recreat.
794 1614 886 1689 Luc.
896 1613 949 1686 X.
968 1625 1025 1708 36.
1041 1636 1097 1704 37·
1145 1613 1297 1708 Quaefi
1319 1635 1407 1688 vera
1429 1612 1528 1702 sunt,
1553 1631 1599 1689 vt
1623 1612 1701 1688 sane

348 1771 354 1776 -
383 1721 485 1805 sunt,
509 1712 570 1790 illa
589 1712 704 1810 prima
718 1709 828 1786 huius
842 1709 1055 1808 paragraphi
1064 1709 1263 1807 proportio
1280 1708 1524 1788 fundatissima
1539 1711 1604 1786 est.
1639 1712 1699 1787 Fas

380 1839 469 1912 ergo
486 1811 557 1898 est,
583 1813 643 1883 sub
672 1835 713 1884 ea
734 1810 954 1884 subsumere:
988 1811 1097 1909 atqui
1116 1809 1234 1884 'DEVS
1256 1804 1306 1906 est
1321 1811 1489 1900 summus
1511 1807 1695 1901 beneficie-

384 1937 470 1990 rum
509 1911 715 1995 utrumuis,
737 1911 778 1983 in
799 1899 972 2000 uniuersi
986 1923 1253 2005 perceptorum,
1276 1901 1452 1986 diribitur
1465 1935 1481 1997 ‚·
1494 1911 1627 1997 anima
1636 1935 1697 1986 ve·

387 2037 430 2086 ro
440 1931 511 2110 poi
526 2026 678 2084 mertem
692 2003 876 2106 beneficii,
902 2024 950 2082 vt
960 2003 1027 2102 sta·
1045 2005 1283 2100 conscientia,
1307 2008 1354 2091 ό·
1377 2007 1567 2113 cogitandi
1576 2008 1699 2106 facul·

386 2127 450 2186 tas
469 2111 589 2188 etium
603 2127 684 2182 tum
697 2108 953 2196 continuetur,
971 2101 1108 2209 pafflue
1126 2124 1247 2206 cnpnre
1264 2098 1334 2203 est,
1356 2109 1485 2210 nempe
1497 2125 1696 2192 aeternae,

378 2211 421 2287 in
438 2223 824 2307 utramquepartem,
841 2204 1152 2280 remunerationis
1166 2205 1298 2310 indiga
1307 2231 1324 2292 ,·
1348 2231 1412 2282 nec
1425 2209 1529 2282 ratio
1544 2202 1693 2310 publicu

380 2301 516 2401 obstat,
538 2307 725 2408 quinium
737 2302 785 2376 ub
798 2303 911 2376 initio
933 2327 1016 2376 eum
1034 2299 1089 2374 ad
1116 2297 1508 2407 incorruptibilitatem
1528 2323 1690 2381 creatum

378 2407 462 2501 effe,
483 2397 732 2502 probauimus.
783 2397 978 2501 Ergefieri
997 2425 1068 2486 nen
1080 2397 1205 2502 precli,
1225 2419 1274 2476 vt
1290 2401 1409 2479 DFVS
1421 2407 1603 2498 unimam,
1622 2400 1715 2509 pust.

285 2523 289 2530 ’
380 2517 544 2583 mortem,
555 2498 622 2598 firi
635 2491 856 2592 constientin
868 2501 1027 2599 priuure
1042 2495 1154 2576 velit.
1206 2503 1308 2600 Ergo.
1321 2502 1452 2588 etiam,
1477 2504 1632 2581 volente
1652 2507 1693 2580 fic

380 2602 505 2692 ΠΕΟ,
527 2597 605 2698 post
625 2619 792 2677 mortem
804 2599 999 2698 cogitabit.
1050 2599 1146 2699 Ergo
1157 2601 1267 2676 etiam
1283 2602 1362 2700 pust
1373 2623 1534 2681 mortem
1551 2605 1625 2685 erit
1634 2605 1693 2706 spi·

380 2697 494 2795 ritus,
521 2698 832 2802 quemadmodum
853 2697 903 2774 est
921 2697 960 2774 in
976 2696 1258 2794 vitapraeienti.

578 2839 581 2847 ·
887 2865 891 2872 -
976 2805 1016 2891 t·
1047 2822 1103 2892 ³0·

204 2901 369 2991 praeparatio
401 2957 404 2964 .
496 2894 655 2972 Accedit
675 2898 750 2972 huc
768 2895 886 2988 aliud,
910 2922 986 2973 non
1001 2894 1311 2975 minorisroboris
1324 2919 1592 2999 argumentum.
1620 2904 1687 2982 Po·

8 3037 29 3096 ι,
82 3081 85 3084 ,
203 2988 350 3056 firacaliud
382 3018 529 3077 namus,
551 2998 595 3071 ab
612 2995 760 3072 artifice·
776 2995 1006 3092 admirabili,
1026 2994 1262 3072 fabrefactum
1286 2997 1354 3074 effe
1379 3003 1587 3094 theatrum,
1614 3004 1689 3080 infi-

201 3091 346 3157 argumen-
386 3094 474 3172 nitis
492 3089 684 3195 sapientiae
700 3096 737 3168 δι
754 3093 842 3171 artis
858 3093 1067 3193 spectaculis
1087 3089 1308 3190 superbiens:
1352 3098 1545 3200 Fingamus
1566 3106 1692 3182 adme·

202 3173 271 3220 ‘⁰¹¹¹'
384 3193 466 3274 ueri
483 3193 717 3295 spectatores,
742 3211 899 3296 quorum
911 3193 1009 3272 oculi
1026 3217 1071 3268 ex
1083 3199 1117 3271 se
1130 3196 1397 3280 &iuunaturm
1417 3197 1700 3304 nullovnquam·

382 3294 560 3388 temporis
576 3293 773 3370 interuallo
788 3295 963 3387 deficere,
979 3292 1108 3370 'multo
1132 3291 1252 3371 minus
1279 3297 1404 3374 omnia
1425 3292 1587 3388 innexu
1609 3305 1693 3382 artic

144 3397 149 3404 ’
277 3467 280 3473 ,
379 3390 597 3491 specimina,
623 3393 837 3489 speculando
854 3390 1201 3490 exhaurire-poiiint.
1253 3393 1472 3494 Cogitemus
1489 3395 1691 3498 tertio,hu·

381 3491 439 3566 ius
459 3509 610 3566 nanctae
624 3491 840 3587 [pedatores
853 3495 967 3596 primi
987 3510 1138 3567 tanturn
1157 3492 1279 3586 auus,
1293 3498 1421 3590 scenae
1433 3501 1593 3602 primae,
1608 3529 1692 3604 pau·

374 3586 509 3664 ciffima
531 3589 899 3688 adhucpraelusurae,
914 3590 1250 3684 confiliomti‘ficis,
1278 3593 1462 3673 interesset
1481 3604 1691 3697 credemus,

372 3687 528 3784 quaeso,
549 3687 732 3774 futurum,
756 3683 825 3774 fut,¹
843 3717 926 3768 turn
949 3688 995 3777 ἀι
1017 3691 1302 3788 ιῇεπινιινηβια
1323 3707 1497 3792 natura,
1519 3719 1683 3806 perenne
1758 3743 1760 3798 i

360 3785 439 3887 stt,
459 3781 761 3890 &spedntorurn
783 3791 896 3892 eruli,
917 3793 964 3874 vi
979 3787 1202 3892 intrinseca,
1225 3796 1267 3876 iu
1283 3796 1506 3881 nutrientem
1520 3801 1686 3884 incidere

743 3923 747 3928 ·
1034 3933 1039 3940 ·
1402 3938 1416 3946 -v
1445 3950 1452 3967 ·
1557 3927 1688 4010 neque·

1385 4114 1397 4150 6

1755 4131 1759 4196 r

1690 4221 1759 4310 ,nd
