3534 4310
414 0 527 37 *r—
587 0 660 35 w
705 0 856 39 ..a
1099 6 1103 17 ,
1163 2 1186 50 u
1236 0 1302 42 a.
1375 0 1603 50 sos-rm

389 69 566 170 separatae
589 27 668 169 p’ost
682 94 844 148 mortem
857 70 1021 150 tribuere
1036 2 1168 152 nollei.
1199 75 1237 148 E.

494 175 629 266 Corpus
644 175 851 276 organicum
864 167 1030 261 dicimur,
1044 169 1141 278 quod
1152 167 1260 248 babet
1273 191 1413 276 parrer,
1427 195 1583 278 quarum
1594 175 1709 246 altera

136 299 138 306 ’
387 269 509 450 aptior
529 263 598 367 est,
623 264 676 346 ad
699 269 869 371 inppulfirs
887 265 930 346 ab
951 269 1162 362 extrinsecis
1175 277 1341 348 maceras
1356 267 1513 356 adlatos,
1539 274 1710 370 excipien-

142 421 148 428 -
307 403 312 416 ·
415 397 433 445 o

284 561 298 636 ’,
391 569 527 676 praet,
555 563 701 640 &radii
716 563 846 642 solares
863 561 1096 658 adlabantur3
1128 587 1253 642 tamen
1269 562 1414 640 aradiis

186 1845 306 1906 dubium
328 1843 357 1902 ira

134 1964 135 1977 ,
184 1923 343 2018 syllemape'

26 2073 29 2080 Ι
188 2007 351 2067 occultunt·¹

80 2151 84 2168 ,
186 2081 267 2144 llsrui.

435 395 481 460 s,
501 391 612 473 quam
627 367 754 445 altera.
805 367 896 445 Vid.
913 365 1039 448 illustr.
1058 375 1215 448 Brenno.
1231 368 1309 444 Dil.
1330 379 1366 458 ξ.
1379 372 1462 470 244.
1480 393 1621 480 p.·235.·
1659 369 1712 442 Ita

394 489 527 566 corpus
544 466 705 546 nostrum
724 463 941 568 organicum
959 466 1021 558 est,
1037 467 1412 568 quodhabctoculos‚
1455 465 1710 542 urbustametfi

1430 493 1609 638 iolaribus
1629 561 1713 637 adfi-

394 661 543 740 ciuntur
561 659 690 760 magis,
715 687 824 764 quam
840 663 884 736 ab
901 672 997 737 aere.
1048 662 1211 738 Vicissim
1230 685 1363 762 corpus
1381 659 1544 736 nostrum
1565 658 1720 736 auribus.

392 757 607 838 instrudium
624 757 685 849 est,
697 758 831 862 quibus
848 761 886 836 δι
902 771 975 853 aer,
988 763 1025 838 dt
1038 759 1133 836 radii
1148 763 1281 836 solares
1294 760 1482 842 adfluunt:
1511 759 1569 832 sed
1581 754 1713 832 fortius

394 879 516 932 tamen
539 853 787 957 percelluntur
808 858 855 932 ab
872 855 965 934 aeris
986 879 1092 934 motu
1109 857 1291 948 tremulo,
1318 880 1426 956 quam
1445 883 1465 930 a
1489 879 1712 957 quocunque

393 951 684 1030 radiorumsolis
701 973 820 1031 motu.
877 959 882 974 '
933 983 936 994 ⁴

393 1085 398 1090 ·
488 1059 566 1128 Aut
582 1049 698 1152 igitur
711 1051 886 1130 materiae
902 1050 1177 1131 caelestes-aliae
1192 1051 1273 1130 aliis
1291 1049 1526 1130 exstantiores
1544 1051 1647 1140 sunt,
1683 1053 1714 1126 dt

395 1148 577 1254 aptiores,
596 1151 659 1226 has
673 1171 737 1224 aut
753 1149 832 1229 illas
849 1149 887 1224 in
903 1173 1030 1226 mente
1042 1153 1081 1230 se
1107 1175 1203 1230 arata
1216 1149 1403 1228 ¹excitandi
1419 1149 1538 1241 ideas3
1566 1170 1629 1224 aut
1646 1176 1716 1226 non

395 1251 489 1326 sunt.
524 1245 580 1322 ,si
596 1245 694 1347 prius
713 1245 834 1340 dicas3
858 1267 940 1322 turn
957 1179 1146 1326 animaius
1161 1252 1195 1326 se
1221 1245 1327 1324 aratis
1345 1271 1451 1322 erunt
1470 1272 1535 1346 pro
1562 1271 1716 1348 corpore

394 1342 602 1444 organico:
654 1345 728 1434 uod
744 1345 875 1422 nolles.
907 1342 949 1422 Si
963 1345 1141 1446 posterius
1160 1277 1342 1434 arifirmes,
1361 1349 1398 1420 &
1410 1367 1537 1419 omnes
1547 1343 1717 1418 materiae

396 1441 563 1520 caelestes
586 1369 904 1524 indiscriminatim
926 1441 1087 1520 animam
1103 1467 1282 1543 exaequo
1299 1443 1500 1517 adficiunt:
1533 1467 1718 1542 nunquam

394 1539 515 1616 anima
530 1563 587 1616 res
604 1538 773 1618 caelestes
789 1539 966 1616 ordinate
977 1544 1188 1642 cognoscet,
1204 1540 1320 1616 nullas
1338 1538 1559 1640 distinguet,
1591 1537 1719 1616 consu·

398 1639 453 1714 sae
469 1633 622 1730 astioni,
640 1635 789 1714 confusa
801 1636 1039 1739 respondebit
1051 1636 1271 1740 perceptio·
1354 1675 1359 1696 ·

509 1831 630 1910 Etiam
653 1859 739 1912 curn
761 1833 951 1935 systemate
972 1765 1259 1922 oecasroiialismi
1273 1834 1532 1912 immortalitas
1552 1833 1723 1928 cammit-

396 1933 510 2011 tenda
523 1931 686 2008 ridetur.
737 1933 778 2009 In
790 1936 868 2008 hoc
883 1933 1207 2034 systemate-anima
1220 1960 1299 2009 non
1315 1933 1404 2047 agit,¹
1422 1935 1516 2009 seda
1533 1929 1635 2006 DEO
1655 1927 1722 2006 im·

401 2027 561 2109 mediate
576 2027 696 2144 agitur
714 2031 863 2160 semper.
916 2033 1057 2110 Exsulat
1070 2031 1188 2132 igitur
1202 2029 1292 2120 hinc
1305 2027 1570 2144 spiritualitatis
1587 2024 1722 2138 princi·

400 2127 502 2235 pium
520 2125 769 2205 intrtnsecum.
822 2127 998 2230 Spiritum
1016 2128 1140 2208 reddit
1155 2126 1216 2204 vis
1233 2127 1426 2230 cogitandi
1440 2127 1660 2202 subd-mnae
1675 2127 1721 2202 in

312 2261 322 2270 ·
403 2225 480 2302 dita
495 2254 505 2299 ι
532 2249 625 2326 quae
642 2225 742 2298 srmul
755 2225 922 2318 tollitur,
946 2250 1059 2326 atque
1073 2226 1231 2317 dixeriS,
1248 2226 1384 2300 nullam
1402 2229 1444 2300 ab
1463 2222 1603 2314 anima,
1620 2224 1723 2300 -seda

287 2357 291 2365 ·
402 2325 504 2398 DEO
521 2345 691 2411 omnem,
703 2320 744 2395 in
760 2321 901 2414 anima,
917 2322 1003 2400 elici
1020 2322 1301 2425 cogitationem.
1354 2323 1431 2419 Vbi
1448 2323 1548 2399 nulla
1563 2346 1664 2397 vero
1683 2319 1722 2396 est

323 2489 327 2498 .
403 2415 655 2526 spiritplitas,
683 2413 737 2493 ibi
760 2445 910 2520 quoque
924 2417 1244 2498 immortalitatem
1259 2425 1525 2498 desiderandam
1544 2415 1640 2510 elle,
1674 2416 1724 2496 vel

68 2999 70 3006 Α
210 2922 330 3000 partium

175 3055 179 3064 ,
210 3003 365 3060 eustatmus·

209 3081 307 3146 sludia·

407 2731 533 2789 tamen
547 2709 621 2790 iam
633 2740 713 2790 non
727 2713 918 2815 explicabo
934 2714 1104 2792 ulterius.

406 2541 467 2592 me
483 2535 641 2608 tacente,
651 2513 885 2617 intelligitur.
932 2523 1069 2596 Audeo
1083 2518 1222 2610 dicere,
1240 2519 1421 2626 quidquid
1436 2546 1495 2594 me
1515 2513 1725 2616 epasfinun

408 2614 470 2706 est,
483 2635 526 2689 vr
538 2611 591 2690 est
605 2614 724 2692 anima
741 2613 780 2692 in
790 2619 866 2691 hoc
881 2615 1078 2718 systemate,
1093 2615 1187 2693 illud
1194 2619 1308 2724 plane
1323 2645 1400 2696 non
1415 2546 1513 2694 exsrsi

1514 2613 1557 2692 it.
1611 2613 1728 2722 Quod

762 2879 769 2886 .
989 2828 1025 2892 ἢ.
1129 2873 1139 2893 .

492 2907 686 3009 Qoniam
699 2935 793 2984 vcro
809 2911 936 2990 omnia
946 2855 1038 2989 haic
1048 2837 1612 3016 dtiliiamagissystematiahisce,
1622 2937 1740 3016 quan,

407 3003 700 3084 immortalitatis
713 3007 877 3124 veritati,
905 3013 1066 3114 opposita
1080 3011 1180 3106 sunt3
1201 3038 1285 3127 non
1302 3015 1532 3125 opponenda,
1556 3013 1582 3085 st
1599 3018 1654 3088 de
1670 3008 1740 3099 his,

344 3197 354 3208 „
407 3103 506 3182 inter
521 3101 687 3180 eruditos
705 3129 939 3186 conueniret:
965 3107 1122 3200 idcirco,
1139 3136 1187 3187 ne
1200 3136 1241 3186 rn
1257 3130 1413 3209 paruum
1425 3107 1734 3211 studiaresponsu

409 3227 471 3280 rus
480 3197 647 3300 abripiar,
663 3200 864 3282 solutiones
875 3206 1090 3298 dubiorum,
1097 3205 1261 3305 patronis
1270 3207 1497 3309 systematum
1508 3205 1735 3307 relinquam

407 3300 524 3388 Haec,
540 3323 606 3397 pro
624 3297 764 3375 eristica
780 3325 892 3402 parte,
908 3303 1099 3381 sufficiant.
1135 3306 1243 3382 Plura
1261 3303 1659 3405 legeredubiacheolo
1693 3304 1737 3378 ica

408 3393 603 3509 qui-cupit,
615 3397 719 3474 adeat
732 3401 934 3478 Mrcnnnns
951 3408 1174 3480 Wnnrrrtat
1192 3401 1327 3478 dissert.
1346 3401 1593 3502 conscriptam
1606 3331 1739 3488 Ceius,

409 3497 456 3567 de
469 3492 749 3573 immortalitate
760 3497 904 3576 animae
916 3497 1106 3576 rationalis
1122 3528 1156 3601 p.
1172 3509 1275 3592 1056.
1298 3498 1400 3578 illius
1419 3499 1681 3580 collectionis
1699 3523 1739 3578 re·

409 3615 492 3668 rum
507 3591 623 3668 theol.
646 3593 691 3669 dc
704 3595 796 3673 statu
811 3597 1028 3690 animarum,
1046 3595 1168 3674 editae
1187 3607 1291 3690 1692.

671 3739 1261 4056 etrele
1430 4059 1433 4062 ⁵
