3544 4322
312 56 317 63 -
384 1 732 78 &1nsrnnnmetrs
761 15 853 70 ocus.
924 0 1708 94 aecp·oprap1r1tursosera·

121 137 123 148 =
228 95 233 101 ’
381 99 526 194 silanis,
554 91 1015 197 maximequctbeologis,
1042 87 1281 192 relinquenda
1295 89 1377 168 est.

122 321 129 334 ¹
223 289 349 400 ‚sonam
441 341 444 348 ·
501 301 615 374 Vnde
636 289 880 394 intelligitur,
907 289 1002 366 aliud
1018 215 1086 367 elie
1103 305 1232 366 natura
1249 308 1399 374 notum,
1423 288 1520 368 aliud
1534 291 1705 397 id,quod

196 395 346 466 olardu-
382 394 522 477 ethnici
541 399 597 473 sua
609 389 916 494 cognitionesunt'
931 387 1102 472 adsecuti.
1163 387 1456 464 Circulationem
1476 391 1666 490 sanguinis
1693 452 1706 488 ,

381 495 595 593 antipodum
609 490 855 574 exfistentiam,
882 486 1154 566 infinitefimalis
1176 487 1302 564 calculi
1319 485 1534 582 dodrinam,
1552 492 1706 589 aliaque

381 595 571 694 complura
584 595 766 692 dogmata,
793 611 924 666 natura
944 585 1117 687 cognosci
1133 585 1257 684 polle,
1284 609 1396 662 nemo
1411 609 1521 688 negat
1544 617 1555 662 a
1584 589 1706 674 sed,si

384 699 431 772 ab
448 689 703 791 antipodibus,
731 711 825 804 quos
844 687 999 792 obscure!
1011 706 1158 762 veteres
1173 684 1421 768 coniecerunt,
1448 683 1625 778 discedas,
1644 713 1706 766 re-
1727 751 1735 758 .

383 795 485 896 fiqua
507 789 631 868 omnia
648 787 806 864 etbnrcis
829 785 958 886 ignota
978 803 1095 862 erant.
1154 785 1243 859 Non
1260 783 1374 882 igitur
1392 780 1601 861 mirandum
1621 841 1631 892 ,
1661 787 1709 890 si,

340 951 344 954 -
373 891 593 994 ‘quomodo
613 885 748 964 mentis
768 883 1106 967 immortalitatem,
1133 903 1178 956 ex
1194 879 1441 982 philosophia,
1463 881 1591 960 multis
1607 889 1707 965 ‘huo-

299 983 326 1009 ”
384 1015 506 1090 usquc
521 983 780 1064 accessionibus
801 985 920 1074 abdia,
950 985 1185 1078 probauero:
1223 979 1321 1058 idem
1346 979 1500 1056 omnino
1515 984 1708 1072 ethnicos,

386 1090 556 1188 aliosque
570 1080 789 1173 nonnullos,
814 1082 955 1180 prorsus
974 1080 1125 1181 fugerit.
1174 1081 1257 1156 Nec
1271 1101 1394 1158 tamen
1403 1077 1513 1156 etiam
1529 1080 1706 1174 uirorum

202 1245 208 1258 ,
327 1193 355 1202 ”
388 1175 719 1264 celeberrimorum
736 1184 954 1280 argumenta
981 1181 1192 1254 damnamus
1219 1205 1231 1251 r
1258 1201 1429 1296 *quorum
1457 1200 1504 1254 ex
1530 1183 1707 1280 pharetra

218 1353 236 1370 ,.
387 1286 492 1388 plura
518 1283 718 1371 sumimus,
745 1257 974 1378 probationis
990 1279 1134 1353 nostrae
1154 1273 1257 1376 seriei
1282 1296 1436 1352 mtexta.
1492 1283 1705 1378 Argumen-

260 1454 261 1458 ,
389 1407 473 1462 tum
489 1381 721 1480 semiplenum
741 1381 906 1454 nondum
920 1378 969 1453 est
984 1376 1106 1452 fallax.
1166 1375 1348 1474 Cognirio
1364 1373 1580 1456 insufficiens
1597 1379 1707 1456 mini-

334 1565 336 1568 ,
389 1482 518 1576 mccli
532 1503 648 1559 error.
701 1481 833 1576 Neque
846 1473 1059 1576 vero-etiam
1079 1473 1132 1568 is,
1159 1473 1222 1572 qui
1239 1471 1363 1572 priora
1380 1477 1608 1574 compensat,
1638 1479 1705 1557 suis

333 1595 336 1600 “
385 1583 444 1659 'est
456 1579 574 1656 maior
592 1573 888 1654 antecessoribus.
931 1577 1039 1651 Pater
1053 1572 1215 1650 fidelium
1232 1570 1450 1670 quorumuis
1466 1575 1708 1658 estAnnnnn.

286 1743 289 1750 .
390 1704 494 1756 uus:
521 1702 597 1792 quo
613 1697 754 1764 tamen,
781 1699 891 1751 nemo
904 1671 1118 1772 theolog-iae
1138 1670 1302 1748 tironum
1321 1673 1394 1756 esl,
1420 1669 1483 1771 qul
1507 1676 1553 1750 de
1570 1674 1709 1754 diuinis

390 1776 574 1875 mysteriis
594 1773 632 1848 in
647 1773 971 1866 N.Testamento,
996 1796 1071 1848 non
1088 1770 1409 1872 cognoscatplura.
1462 1771 1561 1872 Quis
1581 1796 1708 1852 autem

280 1953 285 1960 ,
393 1875 431 1950 so
446 1892 597 1973 propter
609 1896 686 1946 eam
698 1869 845 1948 caussam
856 1869 1076 1962 Ansnunnro
1093 1887 1313 1967 anteponat?
1336 1868 1466 1946 Hodie
1475 1869 1622 1949 tirones
1632 1899 1708 1972 per·

397 1972 557 2069 speblum
571 1973 733 2053 habent,
756 1996 828 2045 non
847 1969 1059 2064 confimari
1077 1970 1119 2043 in
1134 1966 1267 2043 munda
1285 1965 1438 2046 eandem
1452 1986 1573 2066 metus
1589 1996 1709 2076 quan·

398 2073 568 2162 ritatem,
588 2067 657 2168 sed
670 2071 948 2152 vimmorrt'cem
959 2063 1137 2144 eandem:
1163 2069 1263 2167 quod
1281 2087 1404 2142 tamen
1414 2069 1592 2166 summum
1606 2073 1710 2148 Can·

398 2193 533 2246 rustum
553 2168 698 2268 egregie
710 2167 887 2341 fugiebat.
936 2170 1033 2268 Ergo
1051 2164 1217 2249 humeris
1234 2163 1518 2266 gigantumnani
1530 2165 1708 2266 insistunt,

172 2325 181 2340 .
309 2323 311 2328 ,
390 2265 575 2368 longius,
600 2259 799 2365 quam'ilr,
827 2264 1066 2364 prospecturi.

17 2511 18 2520 .
61 2484 65 2488 ·
99 2451 125 2538 ⁴.
168 2470 170 2478 “
219 2470 382 2568 anemio·
518 2463 588 2540 His
603 2443 654 2540 it'a
668 2463 881 2561 praemissis,
904 2377 1188 2568 dilliniieiquid
1203 2467 1427 2566 probandum
1444 2459 1709 2566 receperimus,

17 2577 19 2584 ’
219 2559 662 2661 Ιίψῐῑῑῦο·ὀκρῐαηεηάωη
680 2565 762 2641 erit.
814 2563 1211 2651 Primo-confirmatum
1228 2566 1384 2658 ibimus,
1410 2573 1579 2644 animam
1594 2599 1628 2645 a
1640 2595 1709 2646 cor·

233 2671 239 2682 '
393 2684 485 2770 pare
494 2659 641 2766 prorfias
658 2661 723 2762 effe
736 2655 970 2758 distiridlam,
995 2685 1148 2744 naturae
1163 2664 1349 2763 fim'plicis,
1373 2663 1710 2767 ideoqueinnullas

370 2791 371 2794 ¹
400 2787 562 2862 unquam
582 2759 757 2838 diuiduae
773 2785 906 2858 partes,
930 2789 994 2864 per
1003 2767 1045 2848 se,
1070 2766 1114 2838 ab
1128 2762 1231 2839 omni
1249 2763 1403 2842 interitu
1416 2763 1644 2842 immunem:
1660 2767 1711 2846 ni·

401 2857 603 2942 screatori
619 2858 716 2950 aliud
730 2861 910 2942 videatur.
949 2865 1120 2939 Secundo
1129 2861 1234 2947 loco,
1258 2862 1360 2961 quod
1371 2862 1522 2942 maximi
1542 2889 1711 2944 momen·

255 3024 259 3040 .
302 2984 306 2993 ·
339 2959 341 2963 ’
401 2960 433 3040 ti
451 2959 519 3040 est,
544 2959 888 3044 corroborabimus‚
907 2951 1161 3066 animampost
1172 2981 1335 3046 mortem,
1356 2957 1550 3055 nunsulam'
1567 2988 1645 3040 aon
1660 2967 1711 3042 in·

306 3061 317 3068 “
404 3060 628 3149 scriturum,
656 3067 673 3146 ί
683 3061 783 3157 quod
798 3061 842 3134 ad
859 3058 1013 3162 primum
1030 3061 1220 3158 pertinet)
1235 3056 1307 3154 sed
1321 3057 1440 3153 &sui
1454 3059 1712 3160 conscientiam

277 3179 279 3182 ·
397 3154 540 3258 semper
554 3152 868 3249 constructurum.
891 3159 1212 3251 Haecestssanimar
1227 3181 1354 3238 natura
1371 3159 1574 3262 spiritualis.
1611 3166 1712 3264 Qua-

321 3279 323 3291 ·
398 3277 515 3330 'tenus
533 3253 630 3330 enim
647 3254 794 3356 aliquod
812 3257 1009 3334 subiedlum
1027 3258 1188 3358 cogitat,
1215 3260 1580 3360 quousquecogitat,
1595 3263 1637 3338 δι
1657 3265 1713 3339 ad·

407 3354 534 3452 petit:
573 3352 716 3450 spiritus
741 3357 899 3433 saneest.
948 3357 1038 3451 aed,
1065 3381 1113 3431 ne
1134 3356 1235 3459 quis,
1263 3361 1362 3458 quod
1379 3358 1714 3462 transmigrationis
1752 3357 1755 3410 ἶ

146 3443 180 3530 ’,
315 3477 324 3483 ·
408 3448 609 3528 animarum
633 3457 767 3554 dogma
787 3455 1021 3542 olim'finxit,
1043 3458 1251 3556 suspicetur,
1272 3454 1426 3534 animam
1453 3459 1716 3556 postmortem

408 3548 752 3651 cogitarequidem,
776 3556 837 3632 sed.
850 3555 948 3634 sorte
962 3582 1038 3634 non
1054 3555 1267 3656 agnoscere,
1291 3579 1418 3650 ‚utrum
1427 3557 1614 3650 eademst,
1624 3581 1717 3661 quae

358 3740 363 3746 κ
407 3645 481 3724 suit
496 3647 533 3726 in
550 3652 626 3727 hoc
641 3651 705 3726 suo
720 3677 900 3753 corporet
930 3655 1071 3734 idcirco
1087 3655 1216 3731 tertius
1231 3655 1334 3732 labor
1353 3679 1400 3731 eo
1415 3654 1639 3754 pertinebit,
1664 3679 1717 3742 vt,

407 3749 853 3857 Mlmamstprotadtm,
869 3749 1100 3860 quaciaria
1115 3751 1566 3860 vitafar'a,agairaram,
1585 3756 1718 3834 doces

355 3893 359 3907 ·
423 3897 435 3912 ³
905 3903 908 3912 ·
948 3906 968 3922 ι.
1621 3877 1720 3936 tuus.
